symbol,asOfDate,periodType,currencyCode,BasicAverageShares,BasicEPS,CostOfRevenue,DepreciationAndAmortizationInIncomeStatement,DepreciationIncomeStatement,DilutedAverageShares,DilutedEPS,DilutedNIAvailtoComStockholders,EBIT,EBITDA,GeneralAndAdministrativeExpense,GrossProfit,InterestExpense,InterestExpenseNonOperating,InterestIncome,InterestIncomeNonOperating,MinorityInterests,NetIncome,NetIncomeCommonStockholders,NetIncomeContinuousOperations,NetIncomeDiscontinuousOperations,NetIncomeFromContinuingAndDiscontinuedOperation,NetIncomeFromContinuingOperationNetMinorityInterest,NetIncomeIncludingNoncontrollingInterests,NetInterestIncome,NetNonOperatingInterestIncomeExpense,NormalizedEBITDA,NormalizedIncome,OperatingExpense,OperatingIncome,OperatingRevenue,OtherOperatingExpenses,OtherSpecialCharges,OtherunderPreferredStockDividend,PretaxIncome,ReconciledCostOfRevenue,ReconciledDepreciation,RentAndLandingFees,RentExpenseSupplemental,RestructuringAndMergernAcquisition,SellingAndMarketingExpense,SellingGeneralAndAdministration,SpecialIncomeCharges,TaxEffectOfUnusualItems,TaxProvision,TaxRateForCalcs,TotalExpenses,TotalOperatingIncomeAsReported,TotalOtherFinanceCost,TotalRevenue,TotalUnusualItems,TotalUnusualItemsExcludingGoodwill
ORS.MI,2019-12-31,12M,EUR,,,927928000.0,3818000.0,3818000.0,,,2022000.0,9736000.0,33443000.0,12915000.0,77790000.0,4271000.0,4271000.0,264000.0,264000.0,-242000.0,2022000.0,2022000.0,2264000.0,0.0,2022000.0,2022000.0,2264000.0,-4949000.0,-4949000.0,34973000.0,3184800.0,65993000.0,11797000.0,1005718000.0,11516000.0,2477000.0,0.0,5465000.0,927928000.0,23707000.0,509000.0,7846000.0,,2329000.0,15244000.0,-2477000.0,-367200.0,3201000.0,0.24,993921000.0,8378000.0,942000.0,1005718000.0,-1530000.0,-1530000.0
ORS.MI,2020-03-31,TTM,EUR,,,,,,,,,,,15435000.0,,,,,,,,,,,,,,,,,,,,,,,,,,,,,,,17764000.0,,,,,,,,,,
ORS.MI,2020-12-31,12M,EUR,17298044.0,0.706,953725000.0,3974000.0,3974000.0,17298044.0,0.706,12217000.0,20712000.0,44892000.0,12834000.0,87810000.0,4033000.0,4033000.0,252000.0,252000.0,-52000.0,12217000.0,12217000.0,12269000.0,0.0,12217000.0,12217000.0,12269000.0,-4690000.0,-4690000.0,44578000.0,11985896.0,67646000.0,20164000.0,1041535000.0,11352000.0,492000.0,0.0,16679000.0,953725000.0,24180000.0,508000.0,6770000.0,,1111000.0,13945000.0,-492000.0,82896.0,4411000.0,0.264,1021371000.0,18763000.0,909000.0,1041535000.0,314000.0,314000.0
ORS.MI,2021-12-31,12M,EUR,17509951.0,1.045,975561000.0,4252000.0,4252000.0,17509951.0,1.045,18290000.0,24488000.0,49482000.0,13562000.0,94215000.0,3653000.0,3653000.0,352000.0,352000.0,-219000.0,18290000.0,18290000.0,18508000.0,0.0,18290000.0,18290000.0,18508000.0,-4270000.0,-4270000.0,47640000.0,16654304.0,71967000.0,22248000.0,1069776000.0,12459000.0,-1847000.0,0.0,20835000.0,975561000.0,24994000.0,559000.0,7807000.0,0.0,1294000.0,14856000.0,1847000.0,206304.0,2327000.0,0.112,1047528000.0,23125000.0,969000.0,1069776000.0,1842000.0,1842000.0
ORS.MI,2022-09-30,TTM,EUR,,,1063779000.0,,,,,32440000.0,38660000.0,65789000.0,17191000.0,111300000.0,4995000.0,4995000.0,404000.0,404000.0,-339000.0,32440000.0,32440000.0,32778000.0,0.0,32440000.0,32440000.0,32778000.0,-5560000.0,-5560000.0,64113000.0,30808109.193524,75973000.0,35327000.0,1175079000.0,12766000.0,,0.0,33665000.0,1063779000.0,27129000.0,,,,,18485000.0,,44109.193524,886000.0,0.026318,1139752000.0,36037000.0,,1175079000.0,1676000.0,1676000.0
ORS.MI,2022-12-31,12M,EUR,17282156.0,1.867,1077433000.0,5746000.0,5746000.0,17282156.0,1.867,32265000.0,40212000.0,68326000.0,15113000.0,118851000.0,4081000.0,4081000.0,321000.0,321000.0,-195000.0,32265000.0,32265000.0,32460000.0,0.0,32265000.0,32265000.0,32460000.0,-3760000.0,-3760000.0,70284000.0,34023284.0,77440000.0,41411000.0,1196284000.0,12807000.0,-314000.0,0.0,36131000.0,1077433000.0,28114000.0,603000.0,5906000.0,1780000.0,2218000.0,17331000.0,-1466000.0,-199716.0,3671000.0,0.102,1154873000.0,39942000.0,960000.0,1196284000.0,-1958000.0,-1958000.0
ORS.MI,2023-09-30,TTM,EUR,17200952.0,2.907,1298685000.0,,,17200952.0,2.907,49971000.0,67483000.0,87252000.0,32267000.0,166053000.0,8524000.0,8524000.0,954000.0,954000.0,-676000.0,49971000.0,49971000.0,50648000.0,0.0,49971000.0,49971000.0,50648000.0,-8530000.0,-8530000.0,89056000.0,51520673.298394,97128000.0,68925000.0,1464738000.0,15341000.0,,0.0,58959000.0,1298685000.0,19769000.0,,,,,34485000.0,,-254326.701606,8312000.0,0.140979,1395813000.0,66650000.0,,1464738000.0,-1804000.0,-1804000.0
ORS.MI,2023-12-31,12M,EUR,17142642.0,2.758,,,,17203657.0,2.748,,,,,,,,,,,,,,,,,,,,,,,,,,,,,,,,,,,,,,,,,,,,,
ORS.MI,2024-03-31,TTM,EUR,16929363.0,2.306507,1368757000.0,,,16929363.0,2.296507,39433000.0,59159000.0,72403000.0,19873000.0,162609000.0,11921000.0,11921000.0,1793000.0,1793000.0,-703000.0,39433000.0,39433000.0,40136000.0,0.0,39433000.0,39433000.0,40136000.0,-10128000.0,-10128000.0,75566000.0,42120391.612685,103497000.0,59112000.0,1531366000.0,16864000.0,,0.0,47238000.0,1368757000.0,13244000.0,,,,,22144000.0,,-475608.387315,7103000.0,0.150366,1472254000.0,55949000.0,,1531366000.0,-3163000.0,-3163000.0
