symbol,asOfDate,periodType,currencyCode,BasicAverageShares,BasicEPS,CostOfRevenue,DepreciationAndAmortizationInIncomeStatement,DepreciationIncomeStatement,DilutedAverageShares,DilutedEPS,DilutedNIAvailtoComStockholders,EBIT,EBITDA,GeneralAndAdministrativeExpense,GrossProfit,InterestExpense,InterestExpenseNonOperating,InterestIncome,InterestIncomeNonOperating,MinorityInterests,NetIncome,NetIncomeCommonStockholders,NetIncomeContinuousOperations,NetIncomeFromContinuingAndDiscontinuedOperation,NetIncomeFromContinuingOperationNetMinorityInterest,NetIncomeIncludingNoncontrollingInterests,NetInterestIncome,NetNonOperatingInterestIncomeExpense,NormalizedEBITDA,NormalizedIncome,OperatingExpense,OperatingIncome,OperatingRevenue,OtherOperatingExpenses,OtherunderPreferredStockDividend,PretaxIncome,ReconciledCostOfRevenue,ReconciledDepreciation,RentExpenseSupplemental,RestructuringAndMergernAcquisition,SellingAndMarketingExpense,SellingGeneralAndAdministration,SpecialIncomeCharges,TaxEffectOfUnusualItems,TaxProvision,TaxRateForCalcs,TotalExpenses,TotalOperatingIncomeAsReported,TotalOtherFinanceCost,TotalRevenue,TotalUnusualItems,TotalUnusualItemsExcludingGoodwill,WriteOff
PRT.MI,2019-12-31,12M,EUR,,,,,,,,,,,,,,,,,,,,,,,,,,,,,,,370000.0,,,,,796000.0,0.0,,,,,,,,,,,,,
PRT.MI,2020-12-31,12M,EUR,49784123.0,0.630844,4297946000.0,16162000.0,16162000.0,50814392.0,0.618053,31406000.0,47866000.0,64402000.0,40839000.0,193667000.0,5317000.0,5317000.0,265000.0,265000.0,-386000.0,31406000.0,31406000.0,31792000.0,31406000.0,31406000.0,31792000.0,-5561000.0,-5561000.0,68608000.0,34548662.624268,141813000.0,51854000.0,4491613000.0,,0.0,42549000.0,4297946000.0,16536000.0,,,51775000.0,92614000.0,-4206000.0,-1063337.375732,10757000.0,0.252814,4439759000.0,47648000.0,509000.0,4491613000.0,-4206000.0,-4206000.0,4206000.0
PRT.MI,2021-12-31,12M,EUR,49539129.0,0.89,4459057000.0,15445000.0,15445000.0,50154690.0,0.88,44183000.0,66203000.0,82518000.0,45320000.0,231890000.0,5429000.0,5429000.0,40000.0,40000.0,103000.0,44183000.0,44183000.0,44080000.0,44183000.0,44183000.0,44080000.0,-5928000.0,-5928000.0,82164000.0,43926240.201402,163833000.0,68057000.0,4690947000.0,,0.0,60774000.0,4459057000.0,16315000.0,,,66351000.0,111671000.0,354000.0,97240.201402,16694000.0,0.27469,4622890000.0,68411000.0,539000.0,4690947000.0,354000.0,354000.0,-354000.0
PRT.MI,2022-12-31,12M,EUR,49406099.0,0.96,4441195000.0,15645000.0,15645000.0,50077869.0,0.95,47346000.0,69123000.0,86383000.0,47495000.0,242969000.0,6228000.0,6228000.0,156000.0,156000.0,0.0,47346000.0,47346000.0,47346000.0,47346000.0,47346000.0,47346000.0,-6699000.0,-6699000.0,86851000.0,47698404.0,171843000.0,71126000.0,4684164000.0,,0.0,62895000.0,4441195000.0,17260000.0,,,71333000.0,118828000.0,-468000.0,-115596.0,15549000.0,0.247,4613038000.0,70658000.0,627000.0,4684164000.0,-468000.0,-468000.0,468000.0
PRT.MI,2023-06-30,TTM,EUR,49406099.0,0.06,,,,49824406.0,0.05,,,,,,,,,,,,,,,,,,,,,,,,,,,,,,,,,,,,,,,,,,,
PRT.MI,2023-09-30,TTM,EUR,49703025.0,-0.01,,,,49903561.0,-0.02,,,,,,,,,,,,,,,,,,,,,,,,,,,,,,,,,,,,,,,,,,,
PRT.MI,2023-12-31,12M,EUR,49406099.0,-0.24,3766721000.0,18460000.0,18460000.0,49434829.0,-0.24,-11875000.0,15262000.0,35327000.0,49764000.0,218441000.0,20368000.0,20368000.0,1122000.0,1122000.0,0.0,-11875000.0,-11875000.0,-11875000.0,-11875000.0,-11875000.0,-11875000.0,-19966000.0,-19966000.0,63317000.0,9397400.0,176439000.0,42002000.0,3985162000.0,,0.0,-5106000.0,3766721000.0,20065000.0,,,74122000.0,123886000.0,-27990000.0,-6717600.0,6769000.0,0.24,3943160000.0,14012000.0,720000.0,3985162000.0,-27990000.0,-27990000.0,27990000.0
PRT.MI,2024-03-31,TTM,EUR,50439432.0,-0.3,3675715000.0,,,50468162.0,-0.3,-14577000.0,13110000.0,33862000.0,50533000.0,217050000.0,,,,,0.0,-14577000.0,-14577000.0,-14577000.0,-14577000.0,-14577000.0,-14577000.0,-21842000.0,-21842000.0,61477000.0,6410400.0,177200000.0,39850000.0,3892765000.0,,0.0,-8759000.0,3675715000.0,20752000.0,,,74114000.0,124647000.0,-27615000.0,-6627600.0,5818000.0,0.24,3852915000.0,12235000.0,,3892765000.0,-27615000.0,-27615000.0,27615000.0
