symbol,asOfDate,periodType,currencyCode,Amortization,BasicAverageShares,BasicEPS,CostOfRevenue,DepreciationAndAmortizationInIncomeStatement,DepreciationIncomeStatement,DilutedAverageShares,DilutedEPS,DilutedNIAvailtoComStockholders,EBIT,EBITDA,GeneralAndAdministrativeExpense,GrossProfit,InterestExpense,InterestExpenseNonOperating,InterestIncome,InterestIncomeNonOperating,MinorityInterests,NetIncome,NetIncomeCommonStockholders,NetIncomeContinuousOperations,NetIncomeFromContinuingAndDiscontinuedOperation,NetIncomeFromContinuingOperationNetMinorityInterest,NetIncomeIncludingNoncontrollingInterests,NetInterestIncome,NetNonOperatingInterestIncomeExpense,NormalizedEBITDA,NormalizedIncome,OperatingExpense,OperatingIncome,OperatingRevenue,OtherNonOperatingIncomeExpenses,OtherOperatingExpenses,OtherSpecialCharges,OtherunderPreferredStockDividend,PretaxIncome,ReconciledCostOfRevenue,ReconciledDepreciation,RentAndLandingFees,RentExpenseSupplemental,RestructuringAndMergernAcquisition,SellingAndMarketingExpense,SellingGeneralAndAdministration,SpecialIncomeCharges,TaxEffectOfUnusualItems,TaxProvision,TaxRateForCalcs,TotalExpenses,TotalRevenue,TotalUnusualItems,TotalUnusualItemsExcludingGoodwill,WriteOff
MARR.MI,2019-12-31,12M,EUR,,,,,,,,,,,,,,,,,,,,,,,,,,,,,,,,27000.0,,,,,,,573000.0,573000.0,,,,,,,,,,,,13404000.0
MARR.MI,2020-03-31,TTM,EUR,,,,,,,,,,,,,,,,,,,,,,,,,,,,,,,,,,,,,,,464000.0,464000.0,,,,,,,,,,,,
MARR.MI,2020-12-31,12M,EUR,428000.0,66525120.0,-0.04,861546000.0,16128000.0,15700000.0,66525120.0,-0.04,-2413000.0,3279000.0,19407000.0,6955000.0,211906000.0,5959000.0,5959000.0,1412000.0,1412000.0,0.0,-2413000.0,-2413000.0,-2413000.0,-2413000.0,-2413000.0,-2413000.0,-4547000.0,-4547000.0,19516000.0,-2314859.328358,209273000.0,2633000.0,1073452000.0,94000.0,42225000.0,-113000.0,0.0,-2680000.0,861546000.0,16128000.0,,,,115148000.0,122103000.0,-109000.0,-10859.328358,-267000.0,0.099627,1070819000.0,1073452000.0,-109000.0,-109000.0,222000.0
MARR.MI,2021-12-31,12M,EUR,493000.0,66525120.0,0.53,1111846000.0,17993000.0,17500000.0,66525120.0,0.53,35071000.0,59079000.0,77079000.0,7728000.0,313196000.0,9459000.0,9459000.0,917000.0,917000.0,0.0,35071000.0,35071000.0,35071000.0,35071000.0,35071000.0,35071000.0,-8542000.0,-8542000.0,79387000.0,36702275.050383,253388000.0,59808000.0,1425042000.0,,38924000.0,167000.0,0.0,49620000.0,1111846000.0,18000000.0,478000.0,478000.0,2016000.0,152196000.0,159924000.0,-2308000.0,-676724.949617,14549000.0,0.293208,1365234000.0,1425042000.0,-2308000.0,-2308000.0,125000.0
MARR.MI,2022-12-31,12M,EUR,609000.0,66388000.0,0.4,1504988000.0,19869000.0,19260000.0,66388000.0,0.4,26550000.0,46566000.0,66441000.0,8250000.0,378805000.0,8976000.0,8976000.0,902000.0,902000.0,0.0,26550000.0,26550000.0,26550000.0,26550000.0,26550000.0,26550000.0,-8074000.0,-8074000.0,68930000.0,28307992.817239,330480000.0,48325000.0,1883793000.0,,51806000.0,134000.0,0.0,37590000.0,1504988000.0,19875000.0,597000.0,597000.0,2355000.0,205434000.0,213684000.0,-2489000.0,-731007.182761,11040000.0,0.293695,1835468000.0,1883793000.0,-2489000.0,-2489000.0,0.0
MARR.MI,2023-09-30,TTM,EUR,,66205009.0,0.64,,,,66205009.0,0.64,,,,,,,,,,,,,,,,,,,,,,,,,,,,,,,,,,,,,,,,,,,,
MARR.MI,2023-12-31,12M,EUR,715000.0,65894955.0,0.72,1608027000.0,20550000.0,19835000.0,65894955.0,0.72,47134000.0,86827000.0,107383000.0,11608000.0,428883000.0,19907000.0,19907000.0,2394000.0,2394000.0,0.0,47134000.0,47134000.0,47134000.0,47134000.0,47134000.0,47134000.0,-17513000.0,-17513000.0,109866000.0,48882032.0,341494000.0,87389000.0,2036910000.0,,44498000.0,-73000.0,0.0,66920000.0,1608027000.0,20556000.0,922000.0,922000.0,2556000.0,217527000.0,229135000.0,-2483000.0,-734968.0,19786000.0,0.296,1949521000.0,2036910000.0,-2483000.0,-2483000.0,
MARR.MI,2023-12-31,TTM,EUR,,65297560.0,0.721834,,,,65297560.0,0.721834,,,,,,,,,,,,,,,,,,,,,,,,,,,,,,,,,,,,,,,,,,,,
MARR.MI,2024-03-31,TTM,EUR,743000.0,65651997.0,0.73,1596283000.0,20893000.0,20150000.0,65651997.0,0.73,47392000.0,89302000.0,110201000.0,,431828000.0,21576000.0,21576000.0,2977000.0,2977000.0,0.0,47392000.0,47392000.0,47392000.0,47392000.0,47392000.0,47392000.0,-18599000.0,-18599000.0,112718000.0,49153297.9358,343051000.0,88777000.0,2028111000.0,,45382000.0,-39000.0,0.0,67726000.0,1596283000.0,20899000.0,974000.0,974000.0,,,,-2517000.0,-755702.0642,20334000.0,0.300239,1939334000.0,2028111000.0,-2517000.0,-2517000.0,
