symbol,asOfDate,periodType,currencyCode,Amortization,BasicAverageShares,BasicEPS,CostOfRevenue,DepreciationAndAmortizationInIncomeStatement,DepreciationIncomeStatement,DilutedAverageShares,DilutedEPS,DilutedNIAvailtoComStockholders,EBIT,EBITDA,GrossProfit,ImpairmentOfCapitalAssets,InterestExpense,InterestExpenseNonOperating,InterestIncome,InterestIncomeNonOperating,MinorityInterests,NetIncome,NetIncomeCommonStockholders,NetIncomeContinuousOperations,NetIncomeDiscontinuousOperations,NetIncomeFromContinuingAndDiscontinuedOperation,NetIncomeFromContinuingOperationNetMinorityInterest,NetIncomeIncludingNoncontrollingInterests,NetInterestIncome,NetNonOperatingInterestIncomeExpense,NormalizedEBITDA,NormalizedIncome,OperatingExpense,OperatingIncome,OperatingRevenue,OtherNonOperatingIncomeExpenses,OtherOperatingExpenses,OtherSpecialCharges,OtherunderPreferredStockDividend,PretaxIncome,ReconciledCostOfRevenue,ReconciledDepreciation,RentExpenseSupplemental,RestructuringAndMergernAcquisition,SpecialIncomeCharges,TaxEffectOfUnusualItems,TaxProvision,TaxRateForCalcs,TotalExpenses,TotalOperatingIncomeAsReported,TotalOtherFinanceCost,TotalRevenue,TotalUnusualItems,TotalUnusualItemsExcludingGoodwill,WriteOff
FM.MI,2019-12-31,12M,EUR,,,,,,,,,,,,,,,,,,,,,,,,,,,,,,,,,,,,,,,,,,,,,,,59598000.0,,,,,
FM.MI,2020-12-31,12M,EUR,2248000.0,71428000.0,-0.4752,47629000.0,44761000.0,42513000.0,71428000.0,-0.4752,-33943000.0,-34128000.0,10633000.0,26006000.0,0.0,12897000.0,12897000.0,52000.0,52000.0,209000.0,-33943000.0,-33943000.0,-34152000.0,0.0,-33943000.0,-33943000.0,-34152000.0,-12807000.0,-12807000.0,9239000.0,-34955395.279107,78865000.0,-52859000.0,73635000.0,16697000.0,2396000.0,-3912000.0,0.0,-47025000.0,47629000.0,44761000.0,5944000.0,0.0,1317000.0,381604.720893,-12873000.0,0.273748,126494000.0,,-38000.0,73635000.0,1394000.0,1394000.0,2595000.0
FM.MI,2021-12-31,12M,EUR,3195000.0,71644000.0,0.6192,73561000.0,45212000.0,42017000.0,71644000.0,0.6192,44359000.0,28570000.0,73782000.0,48741000.0,22000.0,13454000.0,13454000.0,48000.0,48000.0,278000.0,44359000.0,44359000.0,39481000.0,4600000.0,44359000.0,39759000.0,44081000.0,-14027000.0,-14027000.0,78914000.0,43659320.0,88204000.0,-39463000.0,122302000.0,72617000.0,2699000.0,244000.0,0.0,15116000.0,73561000.0,45212000.0,13028000.0,5584000.0,-5852000.0,-1231680.0,-24365000.0,0.24,161765000.0,,621000.0,122302000.0,-5132000.0,-5132000.0,2000.0
FM.MI,2022-12-31,12M,EUR,4662000.0,71626000.0,-0.0782,115775000.0,47908000.0,43246000.0,71626000.0,-0.0782,-5599000.0,9382000.0,57290000.0,104510000.0,1276000.0,13087000.0,13087000.0,400000.0,400000.0,161000.0,-5599000.0,-5599000.0,-5760000.0,0.0,-5599000.0,-5599000.0,-5760000.0,-12901000.0,-12901000.0,61684000.0,-2259560.0,95460000.0,9050000.0,220285000.0,3655000.0,3624000.0,248000.0,0.0,-3705000.0,115775000.0,47908000.0,22326000.0,2229000.0,-3822000.0,-1054560.0,2055000.0,0.24,211235000.0,,214000.0,220285000.0,-4394000.0,-4394000.0,69000.0
FM.MI,2023-09-30,TTM,EUR,,71491819.0,0.24302,,,,71491819.0,0.24302,,,,,,,,,,,,,,,,,,,,,,,,,,,,,,,,,,,,,,,,,,,,
FM.MI,2023-12-31,12M,EUR,4941000.0,71329000.0,0.6374,139311000.0,51499000.0,46558000.0,71329000.0,0.6374,45468000.0,50069000.0,101568000.0,144518000.0,815000.0,14064000.0,14064000.0,3102000.0,3102000.0,-1000.0,45468000.0,45468000.0,28969000.0,16500000.0,45468000.0,28968000.0,45469000.0,-11207000.0,-11207000.0,103416000.0,30454868.823774,107790000.0,36728000.0,283829000.0,5331000.0,4540000.0,-764000.0,0.0,36005000.0,139311000.0,51499000.0,27357000.0,3343000.0,-3648000.0,-361131.176226,7036000.0,0.195417,247101000.0,,245000.0,283829000.0,-1848000.0,-1848000.0,254000.0
FM.MI,2023-12-31,TTM,EUR,,71141819.0,0.639118,,,,71141819.0,0.639118,,,,,,,,,,,,,,,,,,,,,,,,,,,,,,,,,,,,,,,,,,,,
FM.MI,2024-03-31,TTM,EUR,,71141819.0,0.625972,,,,71141819.0,0.625972,,,,,,,,,,,,,,,,,,,,,,,,,,,,,,,,,,,,,,,,,,,,
FM.MI,2024-06-30,TTM,EUR,5085000.0,71255000.0,0.5941,141128000.0,51928000.0,46843000.0,71255000.0,0.5941,42329000.0,63073000.0,115001000.0,154870000.0,,13222000.0,13222000.0,3658000.0,3658000.0,-49000.0,42329000.0,42329000.0,42378000.0,0.0,42329000.0,42329000.0,42378000.0,-9777000.0,-9777000.0,116863000.0,43911873.683577,107360000.0,47510000.0,295998000.0,5233000.0,4363000.0,-727000.0,0.0,49851000.0,141128000.0,51928000.0,27878000.0,,-3685000.0,-279126.316423,7473000.0,0.149907,248488000.0,,213000.0,295998000.0,-1862000.0,-1862000.0,254000.0
