symbol,asOfDate,periodType,currencyCode,Amortization,BasicAverageShares,BasicEPS,DepreciationAndAmortizationInIncomeStatement,DepreciationIncomeStatement,DilutedAverageShares,DilutedEPS,DilutedNIAvailtoComStockholders,GainOnSaleOfSecurity,GeneralAndAdministrativeExpense,ImpairmentOfCapitalAssets,InsuranceAndClaims,InterestExpense,InterestIncome,MinorityInterests,NetIncome,NetIncomeCommonStockholders,NetIncomeContinuousOperations,NetIncomeDiscontinuousOperations,NetIncomeFromContinuingAndDiscontinuedOperation,NetIncomeFromContinuingOperationNetMinorityInterest,NetIncomeIncludingNoncontrollingInterests,NetInterestIncome,NormalizedIncome,OperatingExpense,OperatingRevenue,OtherNonOperatingIncomeExpenses,OtherOperatingExpenses,OtherSpecialCharges,PretaxIncome,ReconciledDepreciation,RentAndLandingFees,RestructuringAndMergernAcquisition,SellingAndMarketingExpense,SellingGeneralAndAdministration,SpecialIncomeCharges,TaxEffectOfUnusualItems,TaxProvision,TaxRateForCalcs,TotalRevenue,TotalUnusualItems,TotalUnusualItemsExcludingGoodwill
ILTY.MI,2019-12-31,12M,EUR,,,,,,,,,,,,575000.0,,,,,,,,,,,,,,,2952000.0,,,,,,,,,,,,,,,
ILTY.MI,2020-12-31,12M,EUR,5895000.0,65700601.0,0.47,8614000.0,2719000.0,65700601.0,0.47,31086000.0,7012000.0,73110000.0,0.0,2065000.0,42205000.0,145983000.0,0.0,31086000.0,31086000.0,31086000.0,0.0,31086000.0,31086000.0,31086000.0,103778000.0,32029217.305903,133689000.0,134350000.0,7765000.0,1195000.0,,38692000.0,8614000.0,477000.0,1174000.0,3173000.0,73110000.0,-1174000.0,-230782.694097,7606000.0,0.196578,134350000.0,-1174000.0,-1174000.0
ILTY.MI,2021-12-31,12M,EUR,7600000.0,74768897.0,0.88,10402000.0,2802000.0,75377813.0,0.87,65591000.0,15125000.0,84156000.0,330000.0,3268000.0,61223000.0,194288000.0,0.0,65591000.0,65591000.0,65338000.0,253000.0,65591000.0,65338000.0,65591000.0,133065000.0,61785354.302538,167953000.0,215370000.0,21421000.0,1191000.0,-8344000.0,80499000.0,10402000.0,2061000.0,1359000.0,2669000.0,84156000.0,-1689000.0,824354.302538,15161000.0,0.188338,215370000.0,4377000.0,4377000.0
ILTY.MI,2022-06-30,TTM,EUR,,,,,,,,69641000.0,16362000.0,74291000.0,12871000.0,3343000.0,64023000.0,206945000.0,0.0,69641000.0,69641000.0,69388000.0,253000.0,69641000.0,69388000.0,69641000.0,142922000.0,79642121.291449,173158000.0,210652000.0,29610000.0,9700000.0,,87096000.0,,,,4448000.0,78739000.0,-12871000.0,-2616878.708551,17708000.0,0.203316,210652000.0,-12871000.0,-12871000.0
ILTY.MI,2022-12-31,12M,EUR,13070000.0,81149186.0,0.93,17271000.0,4201000.0,83180280.0,0.91,75326000.0,8275000.0,81621000.0,0.0,3236000.0,74558000.0,238693000.0,0.0,75326000.0,75326000.0,75326000.0,0.0,75326000.0,75326000.0,75326000.0,164135000.0,76535105.451012,203911000.0,261886000.0,27715000.0,10635000.0,-266000.0,100862000.0,17271000.0,3946000.0,1637000.0,6206000.0,87827000.0,-1637000.0,-409894.548988,25536000.0,0.253178,261886000.0,-1619000.0,-1619000.0
ILTY.MI,2023-09-30,TTM,EUR,,83652754.0,1.2,,,85683848.0,1.18,,,,,,,,,,,,,,,,,,,,,,,,,,,,,,,,,,,
ILTY.MI,2023-12-31,12M,EUR,17409000.0,83827885.0,1.245409,21090000.0,3681000.0,83827885.0,1.245409,104400000.0,5443000.0,91697000.0,7085000.0,,202729000.0,397291000.0,586000.0,104400000.0,104400000.0,103814000.0,0.0,104400000.0,104400000.0,103814000.0,194562000.0,109896214.0,245426000.0,360765000.0,,19598000.0,,151741000.0,21090000.0,4030000.0,1863000.0,5817000.0,97514000.0,-8948000.0,-2457786.0,47927000.0,0.309,360765000.0,-7954000.0,-7954000.0
ILTY.MI,2023-12-31,TTM,EUR,,83712134.0,1.25,,,85470710.0,1.22,,,,,,,,,,,,,,,,,,,,,,,,,,,,,,,,,,,
ILTY.MI,2024-03-31,TTM,EUR,18497000.0,83779940.0,1.29,22020000.0,3523000.0,85372696.0,1.26,107364000.0,6850000.0,90224000.0,7085000.0,,229702000.0,415443000.0,657000.0,107364000.0,107364000.0,106707000.0,0.0,107364000.0,107364000.0,106707000.0,185741000.0,112872449.958139,238915000.0,362779000.0,,13295000.0,,154081000.0,22020000.0,,,,96041000.0,-8948000.0,-2445550.041861,47374000.0,0.307462,362779000.0,-7954000.0,-7954000.0
