symbol,asOfDate,periodType,currencyCode,Amortization,BasicAverageShares,BasicEPS,CostOfRevenue,DepreciationAndAmortizationInIncomeStatement,DepreciationIncomeStatement,DilutedAverageShares,DilutedEPS,DilutedNIAvailtoComStockholders,EBIT,EBITDA,GrossProfit,ImpairmentOfCapitalAssets,InterestExpense,InterestExpenseNonOperating,InterestIncome,InterestIncomeNonOperating,MinorityInterests,NetIncome,NetIncomeCommonStockholders,NetIncomeContinuousOperations,NetIncomeDiscontinuousOperations,NetIncomeFromContinuingAndDiscontinuedOperation,NetIncomeFromContinuingOperationNetMinorityInterest,NetIncomeIncludingNoncontrollingInterests,NetInterestIncome,NetNonOperatingInterestIncomeExpense,NormalizedEBITDA,NormalizedIncome,OperatingExpense,OperatingIncome,OperatingRevenue,OtherOperatingExpenses,OtherSpecialCharges,OtherunderPreferredStockDividend,PretaxIncome,ReconciledCostOfRevenue,ReconciledDepreciation,RentAndLandingFees,RentExpenseSupplemental,RestructuringAndMergernAcquisition,SpecialIncomeCharges,TaxEffectOfUnusualItems,TaxProvision,TaxRateForCalcs,TotalExpenses,TotalOperatingIncomeAsReported,TotalOtherFinanceCost,TotalRevenue,TotalUnusualItems,TotalUnusualItemsExcludingGoodwill,WriteOff
BWZ.MI,2019-12-31,12M,EUR,,11182315.0,-0.39,,,,11182315.0,-0.39,,,,,1492000.0,,,,,,,,,,,,,,,,,,,,,,,,,,25000.0,25000.0,,,,,,,,,,,,
BWZ.MI,2020-03-31,TTM,EUR,,,,,,,,,,,,,,,,,,,,,,,,,,,,,,,,,,,,,,,,,,,,,,,,,,,,28000.0
BWZ.MI,2020-12-31,12M,EUR,376000.0,11182315.0,-0.08,6103000.0,788000.0,412000.0,11182315.0,-0.08,-864000.0,-1358000.0,-570000.0,-838000.0,0.0,160000.0,160000.0,37000.0,37000.0,563000.0,-864000.0,-864000.0,-1524000.0,97000.0,-864000.0,-961000.0,-1427000.0,-128000.0,-128000.0,-987000.0,-1277920.0,968000.0,-1806000.0,5265000.0,180000.0,-604000.0,0.0,-1518000.0,6103000.0,788000.0,19000.0,19000.0,117000.0,417000.0,100080.0,7000.0,0.24,7071000.0,-1389000.0,5000.0,5265000.0,417000.0,417000.0,70000.0
BWZ.MI,2021-12-31,12M,EUR,225000.0,11182315.0,-0.25,6882000.0,400000.0,175000.0,11182315.0,-0.25,-2724000.0,-2673000.0,-2273000.0,-1641000.0,486000.0,147000.0,147000.0,129000.0,129000.0,102000.0,-2724000.0,-2724000.0,-2827000.0,0.0,-2724000.0,-2724000.0,-2827000.0,-21000.0,-21000.0,-1778000.0,-2347800.0,659000.0,-2300000.0,5241000.0,259000.0,-31000.0,0.0,-2820000.0,6882000.0,400000.0,,,6000.0,-495000.0,-118800.0,7000.0,0.24,7541000.0,-2795000.0,3000.0,5241000.0,-495000.0,-495000.0,34000.0
BWZ.MI,2022-12-31,12M,EUR,158000.0,11182315.0,-0.21,4977000.0,385000.0,227000.0,11182315.0,-0.21,-2387000.0,-2206000.0,-1821000.0,32000.0,619000.0,236000.0,236000.0,59000.0,59000.0,63000.0,-2387000.0,-2387000.0,-2450000.0,0.0,-2387000.0,-2387000.0,-2450000.0,-185000.0,-185000.0,-1578000.0,-1112880.0,1423000.0,-1391000.0,5009000.0,299000.0,-8000.0,0.0,-2442000.0,4977000.0,385000.0,,,176000.0,-862000.0,-206880.0,8000.0,0.24,6400000.0,-2255000.0,8000.0,5009000.0,-243000.0,-862000.0,75000.0
BWZ.MI,2023-09-30,TTM,EUR,,11182315.0,-0.094192,,,,11182315.0,-0.094192,,,,,,,,,,,,,,,,,,,,,,,,,,,,,,,,,,,,,,,,,,,,
BWZ.MI,2023-12-31,12M,EUR,221000.0,,,4963000.0,442000.0,221000.0,,,-1481000.0,-1089000.0,-647000.0,315000.0,,422000.0,422000.0,114000.0,114000.0,38000.0,-1481000.0,-1481000.0,-1519000.0,0.0,-1481000.0,-1481000.0,-1519000.0,-331000.0,-331000.0,-523000.0,-1386760.0,1370000.0,-1055000.0,5278000.0,198000.0,-92000.0,0.0,-1511000.0,4963000.0,441000.0,,,170000.0,-124000.0,-29760.0,8000.0,0.24,6333000.0,-1181000.0,23000.0,5278000.0,-124000.0,-124000.0,46000.0
BWZ.MI,2024-03-31,TTM,EUR,,,,4974000.0,454000.0,233000.0,,,-1470000.0,-1121000.0,-667000.0,295000.0,,,,,,34000.0,-1470000.0,-1470000.0,-1504000.0,0.0,-1470000.0,-1470000.0,-1504000.0,-357000.0,-357000.0,-620000.0,-1441800.0,1382000.0,-1087000.0,5269000.0,198000.0,,0.0,-1494000.0,4974000.0,454000.0,,,,-47000.0,-18800.0,10000.0,0.4,6356000.0,-1138000.0,,5269000.0,-47000.0,-47000.0,-31000.0
