symbol,asOfDate,periodType,currencyCode,Amortization,BasicAverageShares,BasicEPS,DepreciationAndAmortizationInIncomeStatement,DepreciationIncomeStatement,DilutedAverageShares,DilutedEPS,DilutedNIAvailtoComStockholders,GainOnSaleOfSecurity,GeneralAndAdministrativeExpense,ImpairmentOfCapitalAssets,InsuranceAndClaims,InterestExpense,InterestIncome,MinorityInterests,NetIncome,NetIncomeCommonStockholders,NetIncomeContinuousOperations,NetIncomeDiscontinuousOperations,NetIncomeFromContinuingAndDiscontinuedOperation,NetIncomeFromContinuingOperationNetMinorityInterest,NetIncomeIncludingNoncontrollingInterests,NetInterestIncome,NormalizedIncome,OperatingExpense,OperatingRevenue,OtherOperatingExpenses,OtherSpecialCharges,OtherunderPreferredStockDividend,PretaxIncome,ReconciledDepreciation,RentAndLandingFees,RestructuringAndMergernAcquisition,SellingAndMarketingExpense,SellingGeneralAndAdministration,SpecialIncomeCharges,TaxEffectOfUnusualItems,TaxProvision,TaxRateForCalcs,TotalRevenue,TotalUnusualItems,TotalUnusualItemsExcludingGoodwill
BST.MI,2019-12-31,12M,EUR,,,,,,,,,,,0.0,487000.0,,,,,,,,,,,,,,,,,-237000.0,,,,965000.0,,,,,,,,,
BST.MI,2020-12-31,12M,EUR,81000.0,80252383.0,0.321,1983000.0,1902000.0,80252383.0,0.321,26153000.0,5317000.0,18776000.0,0.0,1300000.0,23235000.0,98067000.0,484000.0,26153000.0,26153000.0,25669000.0,0.0,26153000.0,26153000.0,25669000.0,74832000.0,26570104.712042,55617000.0,103912000.0,5047000.0,-1100000.0,31000.0,36863000.0,1956000.0,2233000.0,1699000.0,684000.0,19460000.0,-599000.0,-181895.287958,11194000.0,0.303665,103912000.0,-599000.0,-599000.0
BST.MI,2021-12-31,12M,EUR,239000.0,80391577.0,0.289,2738000.0,2499000.0,80391577.0,0.289,23251000.0,4090000.0,21444000.0,0.0,1600000.0,16249000.0,98211000.0,-272000.0,23251000.0,23251000.0,23543000.0,-20000.0,23251000.0,23271000.0,23523000.0,81962000.0,23271000.0,66051000.0,111320000.0,7745000.0,,,34459000.0,2710000.0,3367000.0,0.0,1554000.0,22998000.0,0.0,0.0,10916000.0,0.316782,111320000.0,0.0,0.0
BST.MI,2022-09-30,TTM,EUR,,,,293000.0,,,,26306000.0,1424000.0,14809000.0,2923000.0,1134000.0,12924000.0,103285000.0,-456000.0,26306000.0,26306000.0,26805000.0,-43000.0,26306000.0,26349000.0,26762000.0,90361000.0,28827022.495093,59405000.0,114972000.0,8611000.0,,,39742000.0,293000.0,3953000.0,0.0,1367000.0,16176000.0,-3674000.0,-1195977.504907,12937000.0,0.325525,114972000.0,-3674000.0,-3674000.0
BST.MI,2022-12-31,12M,EUR,311000.0,80113775.0,0.275,3451000.0,3140000.0,80113775.0,0.275,22034000.0,1087000.0,22019000.0,,,16518000.0,101946000.0,-456000.0,22034000.0,22034000.0,22513000.0,-23000.0,22034000.0,22057000.0,22490000.0,85428000.0,22057000.0,68017000.0,109269000.0,10743000.0,,,33172000.0,2995000.0,3476000.0,0.0,1430000.0,23449000.0,0.0,0.0,10659000.0,0.321325,109269000.0,0.0,0.0
BST.MI,2023-09-30,TTM,EUR,,80140133.0,0.194028,,,80140133.0,0.194028,,,,,,,,,,,,,,,,,,,,,,,,,,,,,,,,,,,
BST.MI,2023-12-31,12M,EUR,598000.0,80216544.0,0.206,3927000.0,3329000.0,80216544.0,0.206,16506000.0,1317000.0,24441000.0,,,111479000.0,178434000.0,-721000.0,16506000.0,16506000.0,17227000.0,0.0,16506000.0,16506000.0,17227000.0,66955000.0,17132704.185938,75566000.0,106991000.0,11054000.0,936000.0,,25729000.0,3281000.0,3404000.0,,2785000.0,27226000.0,-936000.0,-309295.814062,8502000.0,0.330444,106991000.0,-936000.0,-936000.0
BST.MI,2023-12-31,TTM,EUR,,80216544.0,0.206,,,80216544.0,0.206,,,,,,,,,,,,,,,,,,,,,,,,,,,,,,,,,,,
BST.MI,2024-03-31,TTM,EUR,657000.0,80253048.0,0.21123,3971000.0,3314000.0,80253048.0,0.21123,16931000.0,2599000.0,23802000.0,,,128427000.0,186538000.0,-845000.0,16931000.0,16931000.0,17776000.0,0.0,16931000.0,16931000.0,17776000.0,58111000.0,17550631.163414,75756000.0,108563000.0,11238000.0,,,26852000.0,3295000.0,3452000.0,,2734000.0,26536000.0,,-316368.836586,9076000.0,0.338001,108563000.0,-936000.0,-936000.0
