symbol,asOfDate,periodType,currencyCode,Amortization,BasicAverageShares,BasicEPS,CostOfRevenue,DepreciationAndAmortizationInIncomeStatement,DepreciationIncomeStatement,DilutedAverageShares,DilutedEPS,DilutedNIAvailtoComStockholders,EBIT,EBITDA,GeneralAndAdministrativeExpense,GrossProfit,InterestExpense,InterestExpenseNonOperating,InterestIncome,InterestIncomeNonOperating,MinorityInterests,NetIncome,NetIncomeCommonStockholders,NetIncomeContinuousOperations,NetIncomeDiscontinuousOperations,NetIncomeFromContinuingAndDiscontinuedOperation,NetIncomeFromContinuingOperationNetMinorityInterest,NetIncomeIncludingNoncontrollingInterests,NetInterestIncome,NetNonOperatingInterestIncomeExpense,NormalizedEBITDA,NormalizedIncome,OperatingExpense,OperatingIncome,OperatingRevenue,OtherNonOperatingIncomeExpenses,OtherOperatingExpenses,OtherSpecialCharges,OtherunderPreferredStockDividend,PretaxIncome,ReconciledCostOfRevenue,ReconciledDepreciation,RentAndLandingFees,RentExpenseSupplemental,RestructuringAndMergernAcquisition,SellingAndMarketingExpense,SellingGeneralAndAdministration,SpecialIncomeCharges,TaxEffectOfUnusualItems,TaxProvision,TaxRateForCalcs,TotalExpenses,TotalOtherFinanceCost,TotalRevenue,TotalUnusualItems,TotalUnusualItemsExcludingGoodwill,WriteOff
DLG.MI,2019-12-31,12M,EUR,,,,,,,,,,,,310000.0,,,,,,,,,,0.0,,,,,,,,,,,-6421000.0,,,,,,,15907000.0,,,179719000.0,180029000.0,,,,,,,,,,
DLG.MI,2020-12-31,12M,EUR,15650000.0,149352985.0,1.34,1623144000.0,80993000.0,65343000.0,152773282.0,1.31,200133000.0,261563000.0,342556000.0,,726230000.0,5249000.0,5249000.0,,,,200133000.0,200133000.0,200133000.0,,200133000.0,200133000.0,200133000.0,-7720000.0,-7720000.0,341355000.0,199195019.0,465425000.0,260805000.0,2349374000.0,,83862000.0,-1349000.0,0.0,256314000.0,1623144000.0,80992000.0,,13519000.0,0.0,,,1201000.0,263019.0,56181000.0,0.219,2088569000.0,2471000.0,2349374000.0,1201000.0,1201000.0,148000.0
DLG.MI,2021-12-31,12M,EUR,21886000.0,149566346.0,2.08,2241927000.0,93679000.0,71793000.0,153250246.0,2.03,311098000.0,406560000.0,500239000.0,,978284000.0,6309000.0,6309000.0,,,-651000.0,311098000.0,311098000.0,311749000.0,,311098000.0,311098000.0,311749000.0,-10540000.0,-10540000.0,473659000.0,290392180.0,592605000.0,385679000.0,3220211000.0,,112989000.0,-1313000.0,0.0,400251000.0,2241927000.0,93679000.0,,19331000.0,-25329000.0,,,26580000.0,5874180.0,88502000.0,0.221,2834532000.0,4231000.0,3220211000.0,26580000.0,26580000.0,62000.0
DLG.MI,2022-09-30,TTM,EUR,30786000.0,,,2285227000.0,102579000.0,71793000.0,,,178198000.0,252760000.0,355339000.0,,914184000.0,,,,,-1851000.0,178198000.0,178198000.0,180049000.0,,178198000.0,178198000.0,180049000.0,-37240000.0,-37240000.0,310859000.0,144499090.590824,682305000.0,231879000.0,3199411000.0,,185089000.0,-19213000.0,0.0,237651000.0,2285227000.0,102579000.0,,,,,,44480000.0,10781090.590824,57602000.0,0.242381,2967532000.0,,3199411000.0,44480000.0,44480000.0,
DLG.MI,2022-12-31,12M,EUR,24267000.0,150362712.0,1.18,2351547000.0,105838000.0,81571000.0,152955172.0,1.16,177428000.0,252181000.0,358019000.0,,804837000.0,13984000.0,13984000.0,,,-2415000.0,177428000.0,177428000.0,179843000.0,,177428000.0,177428000.0,179843000.0,-20957000.0,-20957000.0,357448000.0,176996895.0,541870000.0,262967000.0,3156384000.0,,80535000.0,-807000.0,0.0,238197000.0,2351547000.0,105838000.0,,31820000.0,0.0,,,571000.0,139895.0,58354000.0,0.245,2893417000.0,6973000.0,3156384000.0,571000.0,571000.0,236000.0
DLG.MI,2023-09-30,TTM,EUR,,150164650.0,1.464297,,,,150164650.0,1.444297,,,,,,,,,,,,,,,,,,,,,,,,,,,,,,,,,,,,,,,,,,,,,,
DLG.MI,2023-12-31,12M,EUR,27550000.0,150248220.0,1.67,2163630000.0,108191000.0,80641000.0,151568623.0,1.65,250377000.0,329194000.0,437385000.0,,909875000.0,1896000.0,1896000.0,4056000.0,4056000.0,-35000.0,250377000.0,250377000.0,250412000.0,,250377000.0,250377000.0,250412000.0,-3711000.0,-3711000.0,436648000.0,249813195.0,580984000.0,328891000.0,3073505000.0,,80633000.0,-1101000.0,0.0,327298000.0,2163630000.0,108191000.0,,23618000.0,,,,737000.0,173195.0,76886000.0,0.235,2744614000.0,5871000.0,3073505000.0,737000.0,737000.0,364000.0
DLG.MI,2023-12-31,TTM,EUR,,150248220.0,1.67,,,,151568623.0,1.65,,,,,,,,,,,,,,,,,,,,,,,,,,,,,,,,,,,,,,,,,,,,,,
DLG.MI,2024-03-31,TTM,EUR,28550000.0,150164650.0,1.753908,2194030000.0,109191000.0,80641000.0,150164650.0,1.733908,262977000.0,347594000.0,456785000.0,,935875000.0,,,,,-1735000.0,262977000.0,262977000.0,264712000.0,,262977000.0,262977000.0,264612000.0,989000.0,989000.0,459848000.0,265316346.60904,588584000.0,347291000.0,3129905000.0,,,2699000.0,0.0,346598000.0,2194030000.0,109191000.0,,,,,,-3063000.0,-723653.39096,81886000.0,0.236256,2782614000.0,,3129905000.0,-3063000.0,-3063000.0,
