symbol,asOfDate,periodType,currencyCode,Amortization,BasicAverageShares,BasicEPS,CostOfRevenue,DepreciationAndAmortizationInIncomeStatement,DepreciationIncomeStatement,DilutedAverageShares,DilutedEPS,DilutedNIAvailtoComStockholders,EBIT,EBITDA,GeneralAndAdministrativeExpense,GrossProfit,ImpairmentOfCapitalAssets,InterestExpense,InterestExpenseNonOperating,InterestIncome,InterestIncomeNonOperating,MinorityInterests,NetIncome,NetIncomeCommonStockholders,NetIncomeContinuousOperations,NetIncomeFromContinuingAndDiscontinuedOperation,NetIncomeFromContinuingOperationNetMinorityInterest,NetIncomeIncludingNoncontrollingInterests,NetInterestIncome,NetNonOperatingInterestIncomeExpense,NormalizedEBITDA,NormalizedIncome,OperatingExpense,OperatingIncome,OperatingRevenue,OtherOperatingExpenses,OtherunderPreferredStockDividend,PretaxIncome,ReconciledCostOfRevenue,ReconciledDepreciation,RentAndLandingFees,RentExpenseSupplemental,SellingAndMarketingExpense,SellingGeneralAndAdministration,SpecialIncomeCharges,TaxEffectOfUnusualItems,TaxProvision,TaxRateForCalcs,TotalExpenses,TotalOperatingIncomeAsReported,TotalOtherFinanceCost,TotalRevenue,TotalUnusualItems,TotalUnusualItemsExcludingGoodwill
MOL.MI,2019-12-31,12M,EUR,,,,,,,,,,,,,,,,,2099000.0,2099000.0,,,,,,,,,,,,,,,,,,,,,,,,,,,,,,,,,
MOL.MI,2020-12-31,12M,EUR,8210000.0,37597173.0,3.42,55709000.0,13473000.0,5263000.0,39162805.0,3.28,128454000.0,59699000.0,73172000.0,20271000.0,203677000.0,0.0,103000.0,103000.0,358000.0,358000.0,-2228000.0,128454000.0,128454000.0,130682000.0,128454000.0,128454000.0,130682000.0,-1245000.0,-1245000.0,74609000.0,129546120.0,141834000.0,61843000.0,259386000.0,49059000.0,0.0,59596000.0,55709000.0,13473000.0,2812000.0,2812000.0,38055000.0,58326000.0,0.0,-344880.0,-71086000.0,0.24,197543000.0,63095000.0,1142000.0,259386000.0,-1437000.0,-1437000.0
MOL.MI,2021-12-31,12M,EUR,14976000.0,38128936.0,0.43,62163000.0,20787000.0,5811000.0,38921429.0,0.42,16347000.0,65251000.0,86038000.0,28035000.0,251301000.0,2801000.0,58000.0,58000.0,,,-1492000.0,16347000.0,16347000.0,17839000.0,16347000.0,16347000.0,17839000.0,-158000.0,-158000.0,90622000.0,19830840.0,181288000.0,70013000.0,313464000.0,55089000.0,0.0,65193000.0,62163000.0,20787000.0,4064000.0,4064000.0,48956000.0,76991000.0,-2801000.0,-1100160.0,47354000.0,0.24,243451000.0,68964000.0,100000.0,313464000.0,-4584000.0,-4584000.0
MOL.MI,2022-09-30,TTM,EUR,,,,64337000.0,20553000.0,5577000.0,,,22347000.0,62751000.0,83304000.0,,245002000.0,0.0,,,,,-817000.0,22347000.0,22347000.0,23164000.0,22347000.0,22347000.0,23164000.0,,,80506000.0,20668200.0,177593000.0,67409000.0,309339000.0,56186000.0,0.0,70651000.0,64337000.0,20553000.0,,,,,0.0,1119200.0,47487000.0,0.4,241930000.0,70389000.0,,309339000.0,2798000.0,2798000.0
MOL.MI,2022-12-31,12M,EUR,15750000.0,37831135.0,1.24,69870000.0,22026000.0,6276000.0,38422131.0,1.22,46875000.0,65947000.0,87973000.0,30013000.0,240900000.0,0.0,182000.0,182000.0,,,-654000.0,46875000.0,46875000.0,47529000.0,46875000.0,46875000.0,47529000.0,-434000.0,-434000.0,84283000.0,44210820.0,178437000.0,62463000.0,310770000.0,49759000.0,0.0,65765000.0,69870000.0,22026000.0,4688000.0,4688000.0,49089000.0,79102000.0,0.0,1025820.0,18236000.0,0.278,248307000.0,66542000.0,252000.0,310770000.0,3690000.0,3690000.0
MOL.MI,2023-09-30,TTM,EUR,,37316948.0,1.034849,,,,37316948.0,1.014849,,,,,,,,,,,,,,,,,,,,,,,,,,,,,,,,,,,,,,,,,,,
MOL.MI,2023-12-31,12M,EUR,37698000.0,37362841.0,0.93,97954000.0,45103000.0,7405000.0,38240947.0,0.91,34691000.0,50778000.0,95881000.0,39732000.0,306233000.0,,706000.0,706000.0,,,-670000.0,34691000.0,34691000.0,35361000.0,34691000.0,34691000.0,35361000.0,5291000.0,5291000.0,100281000.0,37797400.0,257232000.0,49001000.0,404187000.0,59929000.0,0.0,50072000.0,97954000.0,45103000.0,6832000.0,6832000.0,72418000.0,112150000.0,,-1293600.0,14711000.0,0.294,355186000.0,63101000.0,-5997000.0,404187000.0,-4400000.0,-4400000.0
MOL.MI,2023-12-31,TTM,EUR,,37302151.0,0.93,,,,38121978.0,0.91,,,,,,,,,,,,,,,,,,,,,,,,,,,,,,,,,,,,,,,,,,,
MOL.MI,2024-03-31,TTM,EUR,,37428260.0,0.96705,104345000.0,50542000.0,12844000.0,37428260.0,0.94705,36062000.0,54077000.0,104619000.0,,312279000.0,,1668000.0,1668000.0,,,-728000.0,36062000.0,36062000.0,36790000.0,36062000.0,36062000.0,36790000.0,9088000.0,9088000.0,108696000.0,38923967.028564,265061000.0,47218000.0,416624000.0,61718000.0,0.0,52409000.0,104345000.0,50542000.0,,,,,,-1215032.971436,15619000.0,0.298021,369406000.0,61318000.0,,416624000.0,-4077000.0,-4077000.0
