symbol,asOfDate,periodType,currencyCode,Amortization,BasicAverageShares,BasicEPS,DepreciationAndAmortizationInIncomeStatement,DepreciationIncomeStatement,DilutedAverageShares,DilutedEPS,DilutedNIAvailtoComStockholders,GainOnSaleOfSecurity,GeneralAndAdministrativeExpense,ImpairmentOfCapitalAssets,InsuranceAndClaims,InterestExpense,InterestIncome,MinorityInterests,NetIncome,NetIncomeCommonStockholders,NetIncomeContinuousOperations,NetIncomeFromContinuingAndDiscontinuedOperation,NetIncomeFromContinuingOperationNetMinorityInterest,NetIncomeIncludingNoncontrollingInterests,NetInterestIncome,NormalizedIncome,OperatingExpense,OperatingRevenue,OtherOperatingExpenses,OtherSpecialCharges,PretaxIncome,ReconciledDepreciation,RentAndLandingFees,RestructuringAndMergernAcquisition,SellingAndMarketingExpense,SellingGeneralAndAdministration,SpecialIncomeCharges,TaxEffectOfUnusualItems,TaxProvision,TaxRateForCalcs,TotalRevenue,TotalUnusualItems,TotalUnusualItemsExcludingGoodwill,WriteOff
CE.MI,2019-09-30,TTM,EUR,,,,74028000.0,36163000.0,,,,,,,,,,,,,,,,,,,,,,,,74028000.0,,,,,,,,,,,,
CE.MI,2019-12-31,12M,EUR,,,,,,,,,,,,,,,,,,,,,,,,,,,,,,,,,,,,,,,,,1203000.0
CE.MI,2020-12-31,12M,EUR,45247000.0,331563000.0,0.61,89908000.0,44661000.0,331563000.0,0.61,201595000.0,5743000.0,177018000.0,41000.0,24636000.0,66197000.0,552239000.0,-134000.0,201595000.0,201595000.0,201729000.0,201595000.0,201595000.0,201729000.0,486042000.0,209892597.566191,952485000.0,1316472000.0,132430000.0,4091000.0,252526000.0,89908000.0,12078000.0,6169000.0,8490000.0,185508000.0,-10260000.0,-2089402.433809,50797000.0,0.201156,1316472000.0,-10387000.0,-10387000.0,411000.0
CE.MI,2021-12-31,12M,EUR,49303000.0,335196000.0,1.05,97228000.0,47925000.0,335196000.0,1.05,352427000.0,35992000.0,201194000.0,-76000.0,32248000.0,94447000.0,584077000.0,-166000.0,352427000.0,352427000.0,352593000.0,352427000.0,352427000.0,352593000.0,489630000.0,305816571.393944,1051076000.0,1480740000.0,160961000.0,3907000.0,466181000.0,97228000.0,12690000.0,-64633000.0,10303000.0,211497000.0,60726000.0,15015571.393944,113588000.0,0.243656,1480740000.0,61626000.0,61626000.0,
CE.MI,2022-12-31,12M,EUR,53231000.0,340405000.0,0.93,101961000.0,48730000.0,340405000.0,0.93,326119000.0,-66010000.0,223057000.0,-73000.0,26776000.0,147200000.0,862094000.0,-16000.0,326119000.0,326119000.0,326135000.0,326119000.0,326119000.0,326135000.0,714894000.0,329862913.316596,1077341000.0,1611274000.0,155204000.0,-2750000.0,475189000.0,101961000.0,15543000.0,8192000.0,14869000.0,237926000.0,-5442000.0,-1711086.683404,149054000.0,0.313673,1611274000.0,-5455000.0,-5455000.0,
CE.MI,2023-09-30,TTM,EUR,,339101794.0,1.561657,,,339101794.0,1.561657,,,,,,,,,,,,,,,,,,,,,,,,,,,,,,,,,,
CE.MI,2023-12-31,12M,EUR,58857000.0,339954000.0,1.65,109386000.0,50529000.0,339954000.0,1.65,562118000.0,110679000.0,224000000.0,13000.0,31662000.0,723196000.0,1894221000.0,0.0,562118000.0,562118000.0,562118000.0,562118000.0,562118000.0,562118000.0,1171025000.0,565967684.681387,1174885000.0,2063999000.0,198534000.0,-1473000.0,825140000.0,109386000.0,15086000.0,7163000.0,21351000.0,245351000.0,-5703000.0,-1801315.318613,263022000.0,0.31876,2063999000.0,-5651000.0,-5651000.0,
CE.MI,2024-03-31,TTM,EUR,60348000.0,340116156.0,1.726085,110557000.0,50209000.0,340116156.0,1.726085,588239000.0,105909000.0,237150000.0,,,827423000.0,2057136000.0,,588239000.0,588239000.0,588238000.0,588239000.0,588239000.0,588238000.0,1229713000.0,592082861.443819,1199585000.0,2121700000.0,200890000.0,,864790000.0,110557000.0,,,,258501000.0,,-1807138.556181,276552000.0,0.319791,2121700000.0,-5651000.0,-5651000.0,
