symbol,asOfDate,periodType,currencyCode,Amortization,BasicAverageShares,BasicEPS,CostOfRevenue,DepreciationAndAmortizationInIncomeStatement,DepreciationIncomeStatement,DilutedAverageShares,DilutedEPS,DilutedNIAvailtoComStockholders,EBIT,EBITDA,GrossProfit,InterestExpense,InterestExpenseNonOperating,InterestIncome,InterestIncomeNonOperating,MinorityInterests,NetIncome,NetIncomeCommonStockholders,NetIncomeContinuousOperations,NetIncomeDiscontinuousOperations,NetIncomeFromContinuingAndDiscontinuedOperation,NetIncomeFromContinuingOperationNetMinorityInterest,NetIncomeIncludingNoncontrollingInterests,NetInterestIncome,NetNonOperatingInterestIncomeExpense,NormalizedEBITDA,NormalizedIncome,OperatingExpense,OperatingIncome,OperatingRevenue,OtherNonOperatingIncomeExpenses,OtherOperatingExpenses,OtherSpecialCharges,OtherunderPreferredStockDividend,PretaxIncome,ReconciledCostOfRevenue,ReconciledDepreciation,RentExpenseSupplemental,SpecialIncomeCharges,TaxEffectOfUnusualItems,TaxProvision,TaxRateForCalcs,TotalExpenses,TotalOperatingIncomeAsReported,TotalOtherFinanceCost,TotalRevenue,TotalUnusualItems,TotalUnusualItemsExcludingGoodwill,WriteOff
GE.MI,2019-12-31,12M,EUR,,,,,,,,,,,,,,,,,0.0,,,,0.0,,,,,,,,,,,,,,,,,,,,,,,,10375000.0,,,,,
GE.MI,2020-06-30,TTM,EUR,,,,,,,,,,,,,,,,,0.0,,,,,,,,,,,,,,,701000.0,,-373000.0,,,,,990000.0,,,,,,,-11000.0,,,,
GE.MI,2020-12-31,12M,EUR,2100000.0,14372780.0,0.3,65020000.0,8151000.0,6051000.0,14372780.0,0.3,4353000.0,8070000.0,16221000.0,63351000.0,487000.0,487000.0,32000.0,32000.0,0.0,4353000.0,4353000.0,4353000.0,,4353000.0,4353000.0,4353000.0,-452000.0,-452000.0,16258000.0,4381120.0,54601000.0,8750000.0,128371000.0,695000.0,1224000.0,-15000.0,0.0,7583000.0,65020000.0,8151000.0,897000.0,-47000.0,-8880.0,3230000.0,0.24,119621000.0,,-3000.0,128371000.0,-37000.0,-37000.0,62000.0
GE.MI,2021-12-31,12M,EUR,1835000.0,14372780.0,0.95,53898000.0,6640000.0,4805000.0,14372780.0,0.95,13692000.0,16112000.0,22752000.0,62305000.0,454000.0,454000.0,18000.0,18000.0,0.0,13692000.0,13692000.0,11915000.0,1777000.0,13692000.0,11915000.0,13692000.0,-672000.0,-672000.0,22895000.0,12023816.260059,48192000.0,14113000.0,116203000.0,1844000.0,763000.0,11000.0,0.0,15658000.0,53898000.0,6640000.0,698000.0,-143000.0,-34183.739941,3743000.0,0.239047,102090000.0,,236000.0,116203000.0,-143000.0,-143000.0,132000.0
GE.MI,2022-12-31,12M,EUR,1808000.0,14369284.0,0.695,61938000.0,7122000.0,5314000.0,14369284.0,0.695,9988000.0,17961000.0,25083000.0,70553000.0,325000.0,325000.0,117000.0,117000.0,0.0,9988000.0,9988000.0,13452000.0,-3464000.0,9988000.0,13452000.0,9988000.0,-166000.0,-166000.0,25148000.0,13501579.269676,54909000.0,15644000.0,132491000.0,1934000.0,618000.0,10000.0,0.0,17636000.0,61938000.0,7122000.0,740000.0,-64000.0,-15420.730324,4184000.0,0.237242,116847000.0,,-42000.0,132491000.0,-65000.0,-65000.0,54000.0
GE.MI,2023-09-30,TTM,EUR,,14323788.0,0.81,,,,14323788.0,0.81,,,,,,,,,,,,,,,,,,,,,,,,,,,,,,,,,,,,,,,,,,
GE.MI,2023-12-31,12M,EUR,1755000.0,14201595.0,0.820542,60913000.0,7595000.0,5840000.0,14201595.0,0.820542,11653000.0,17245000.0,24840000.0,70394000.0,465000.0,465000.0,917000.0,917000.0,,11653000.0,11653000.0,11858000.0,-205000.0,11653000.0,11858000.0,11653000.0,443000.0,443000.0,24891000.0,11894040.405244,55191000.0,15203000.0,131307000.0,1404000.0,894000.0,127000.0,0.0,16780000.0,60913000.0,7595000.0,844000.0,-57000.0,-14959.594756,4922000.0,0.293325,116104000.0,,9000.0,131307000.0,-51000.0,-51000.0,-70000.0
GE.MI,2023-12-31,TTM,EUR,,14260955.0,0.817,,,,14260955.0,0.817,,,,,,,,,,,,,,,,,,,,,,,,,,,,,,,,,,,,,,,,,,
GE.MI,2024-03-31,TTM,EUR,1729000.0,14182251.0,0.817,59912000.0,7746000.0,6017000.0,14182251.0,0.817,11568000.0,15985000.0,23731000.0,69487000.0,,,,,,11568000.0,11568000.0,11742000.0,-174000.0,11568000.0,11742000.0,11568000.0,,,23933000.0,11893326.017609,55544000.0,13943000.0,129399000.0,1723000.0,836000.0,,0.0,15674000.0,59912000.0,7746000.0,802000.0,-59000.0,-50673.982391,3932000.0,0.250861,115456000.0,,,129399000.0,-202000.0,-202000.0,-68000.0
