symbol,asOfDate,periodType,currencyCode,Amortization,AverageDilutionEarnings,BasicAverageShares,BasicEPS,CostOfRevenue,DepreciationAndAmortizationInIncomeStatement,DepreciationIncomeStatement,DilutedAverageShares,DilutedEPS,DilutedNIAvailtoComStockholders,EBIT,EBITDA,GrossProfit,ImpairmentOfCapitalAssets,InterestExpense,InterestExpenseNonOperating,InterestIncome,InterestIncomeNonOperating,MinorityInterests,NetIncome,NetIncomeCommonStockholders,NetIncomeContinuousOperations,NetIncomeFromContinuingAndDiscontinuedOperation,NetIncomeFromContinuingOperationNetMinorityInterest,NetIncomeIncludingNoncontrollingInterests,NetInterestIncome,NetNonOperatingInterestIncomeExpense,NormalizedEBITDA,NormalizedIncome,OperatingExpense,OperatingIncome,OperatingRevenue,OtherOperatingExpenses,OtherSpecialCharges,OtherunderPreferredStockDividend,PretaxIncome,ReconciledCostOfRevenue,ReconciledDepreciation,RentAndLandingFees,RentExpenseSupplemental,SpecialIncomeCharges,TaxEffectOfUnusualItems,TaxProvision,TaxRateForCalcs,TotalExpenses,TotalOperatingIncomeAsReported,TotalOtherFinanceCost,TotalRevenue,TotalUnusualItems,TotalUnusualItemsExcludingGoodwill,WriteOff
SRG.MI,2019-12-31,12M,EUR,66000000.0,3000000.0,3300593207.0,,248000000.0,722000000.0,656000000.0,3386571782.0,,1093000000.0,1666000000.0,2388000000.0,2417000000.0,30000000.0,201000000.0,201000000.0,9000000.0,9000000.0,,1090000000.0,1090000000.0,1090000000.0,1090000000.0,1090000000.0,1090000000.0,-202000000.0,-202000000.0,2393000000.0,1093720000.0,961000000.0,1456000000.0,2665000000.0,33000000.0,9000000.0,0.0,1465000000.0,248000000.0,722000000.0,26000000.0,26000000.0,-4000000.0,-1280000.0,375000000.0,0.256,1209000000.0,1452000000.0,10000000.0,2665000000.0,-5000000.0,-5000000.0,-35000000.0
SRG.MI,2020-12-31,12M,EUR,81000000.0,3000000.0,3272020890.0,0.336,318000000.0,762000000.0,681000000.0,3358022355.0,0.329,1104000000.0,1636000000.0,2398000000.0,2435000000.0,11000000.0,165000000.0,165000000.0,24000000.0,24000000.0,,1101000000.0,1101000000.0,1101000000.0,1101000000.0,1101000000.0,1101000000.0,-148000000.0,-148000000.0,2433000000.0,1127110000.0,1030000000.0,1405000000.0,2753000000.0,75000000.0,14000000.0,0.0,1471000000.0,318000000.0,762000000.0,22000000.0,22000000.0,-25000000.0,-8890000.0,370000000.0,0.254,1348000000.0,,7000000.0,2753000000.0,-35000000.0,-35000000.0,2000000.0
SRG.MI,2021-12-31,12M,EUR,100000000.0,3000000.0,3270833636.0,0.457,747000000.0,809000000.0,709000000.0,3357002275.0,0.447,1499000000.0,1734000000.0,2543000000.0,2538000000.0,11000000.0,119000000.0,119000000.0,29000000.0,29000000.0,-4000000.0,1496000000.0,1496000000.0,1500000000.0,1496000000.0,1496000000.0,1500000000.0,-102000000.0,-102000000.0,2568000000.0,1519125000.0,1090000000.0,1448000000.0,3285000000.0,61000000.0,14000000.0,0.0,1615000000.0,747000000.0,809000000.0,16000000.0,16000000.0,-25000000.0,-1875000.0,115000000.0,0.075,1837000000.0,,12000000.0,3285000000.0,-25000000.0,-25000000.0,
SRG.MI,2022-09-30,TTM,EUR,,,,,971000000.0,849000000.0,749000000.0,,,1498000000.0,1722000000.0,2571000000.0,2528000000.0,,132000000.0,132000000.0,,,,1491000000.0,1491000000.0,1495000000.0,1491000000.0,1491000000.0,1495000000.0,-115000000.0,-115000000.0,2596000000.0,1514506289.308176,1130000000.0,1398000000.0,3499000000.0,,,0.0,1590000000.0,971000000.0,741000000.0,,,,-1493710.691824,95000000.0,0.059748,2101000000.0,,,3499000000.0,-25000000.0,-25000000.0,
SRG.MI,2022-12-31,12M,EUR,120000000.0,,3336596674.0,0.201,901000000.0,867000000.0,747000000.0,3339548370.0,0.201,671000000.0,1202000000.0,2069000000.0,2595000000.0,23000000.0,152000000.0,152000000.0,12000000.0,12000000.0,-1000000.0,671000000.0,671000000.0,672000000.0,671000000.0,671000000.0,672000000.0,-140000000.0,-140000000.0,2120000000.0,704762000.0,1216000000.0,1379000000.0,3496000000.0,105000000.0,28000000.0,0.0,1050000000.0,901000000.0,867000000.0,26000000.0,26000000.0,-51000000.0,-17238000.0,378000000.0,0.338,2117000000.0,,,3496000000.0,-51000000.0,-51000000.0,
SRG.MI,2023-09-30,TTM,EUR,,,3352756372.0,0.223282,,,,3352756372.0,0.223282,,,,,,,,,,,,,,,,,,,,,,,,,,,,,,,,,,,,,,,,,,
SRG.MI,2023-12-31,12M,EUR,,,,0.338527,,,,,0.338527,,,,,,,,,,,,,,,,,,,,,,,,,,,,,,,,,,,,,,,,,,
SRG.MI,2023-12-31,TTM,EUR,1126000000.0,,,0.338527,1891000000.0,1126000000.0,0.0,,0.338527,1135000000.0,1755000000.0,2881000000.0,2397000000.0,,221000000.0,221000000.0,,,-10000000.0,1135000000.0,1135000000.0,1145000000.0,1135000000.0,1135000000.0,1145000000.0,-221000000.0,-221000000.0,2881000000.0,1135000000.0,1126000000.0,1271000000.0,4288000000.0,,,0.0,1534000000.0,1891000000.0,1126000000.0,,,,0.0,389000000.0,0.253585,3017000000.0,,,4288000000.0,,,
SRG.MI,2024-03-31,TTM,EUR,167000000.0,,,,1293000000.0,953000000.0,786000000.0,,,1166000000.0,1882000000.0,2836000000.0,2926000000.0,,306000000.0,306000000.0,,,-7000000.0,1166000000.0,1166000000.0,1175000000.0,1166000000.0,1166000000.0,1175000000.0,-257000000.0,-257000000.0,3048000000.0,1324058375.634518,1365000000.0,1561000000.0,4219000000.0,,,0.0,1576000000.0,1293000000.0,954000000.0,,,,-53941624.365482,401000000.0,0.254442,2658000000.0,,,4219000000.0,-212000000.0,-212000000.0,
