symbol,asOfDate,periodType,currencyCode,Amortization,BasicAverageShares,BasicEPS,CostOfRevenue,DepreciationAndAmortizationInIncomeStatement,DepreciationIncomeStatement,DilutedAverageShares,DilutedEPS,DilutedNIAvailtoComStockholders,EBIT,EBITDA,GeneralAndAdministrativeExpense,GrossProfit,ImpairmentOfCapitalAssets,InterestExpense,InterestExpenseNonOperating,InterestIncome,InterestIncomeNonOperating,MinorityInterests,NetIncome,NetIncomeCommonStockholders,NetIncomeContinuousOperations,NetIncomeDiscontinuousOperations,NetIncomeFromContinuingAndDiscontinuedOperation,NetIncomeFromContinuingOperationNetMinorityInterest,NetIncomeIncludingNoncontrollingInterests,NetInterestIncome,NetNonOperatingInterestIncomeExpense,NormalizedEBITDA,NormalizedIncome,OperatingExpense,OperatingIncome,OperatingRevenue,OtherNonOperatingIncomeExpenses,OtherOperatingExpenses,OtherSpecialCharges,OtherunderPreferredStockDividend,PretaxIncome,ReconciledCostOfRevenue,ReconciledDepreciation,RentAndLandingFees,RentExpenseSupplemental,RestructuringAndMergernAcquisition,SellingAndMarketingExpense,SellingGeneralAndAdministration,SpecialIncomeCharges,TaxEffectOfUnusualItems,TaxProvision,TaxRateForCalcs,TotalExpenses,TotalOperatingIncomeAsReported,TotalOtherFinanceCost,TotalRevenue,TotalUnusualItems,TotalUnusualItemsExcludingGoodwill,WriteOff
S24.MI,2019-09-30,TTM,EUR,,,,,,,,,,,,,,,,,,,,,,,,,,,,,,,,,,,,,,,,,,,4503000.0,,,,,,,,,,,,,
S24.MI,2019-12-31,12M,EUR,,,,,,,,,,,,,,,,,,,,,,,0.0,,,,,,,,,,,,,,,,,,,,4426000.0,,,,,,,,,,,,,
S24.MI,2020-12-31,12M,EUR,6285000.0,49450000.0,-0.02,7286000.0,17169000.0,10884000.0,49450000.0,-0.02,-989000.0,3138000.0,20307000.0,11880000.0,183691000.0,696000.0,2814000.0,2814000.0,762000.0,762000.0,0.0,-989000.0,-989000.0,-989000.0,,-989000.0,-989000.0,-989000.0,-3021000.0,-3021000.0,22998000.0,1056160.0,177864000.0,5827000.0,190977000.0,98000.0,28189000.0,-1024000.0,0.0,324000.0,7286000.0,17169000.0,6084000.0,6084000.0,,41771000.0,53651000.0,-2691000.0,-645840.0,1312000.0,0.24,185150000.0,2268000.0,969000.0,190977000.0,-2691000.0,-2691000.0,3019000.0
S24.MI,2021-12-31,12M,EUR,8432000.0,65715625.0,-0.32,6554000.0,17664000.0,9232000.0,65715625.0,-0.32,-21029000.0,-14578000.0,3086000.0,10909000.0,196992000.0,8966000.0,4407000.0,4407000.0,691000.0,691000.0,0.0,-21029000.0,-21029000.0,-21029000.0,0.0,-21029000.0,-21029000.0,-21029000.0,-4645000.0,-4645000.0,13823000.0,-12868880.0,200694000.0,-3702000.0,203546000.0,90000.0,32516000.0,-619000.0,0.0,-18985000.0,6554000.0,17664000.0,5780000.0,5780000.0,,45075000.0,55984000.0,-10737000.0,-2576880.0,2044000.0,0.24,207248000.0,-15279000.0,929000.0,203546000.0,-10737000.0,-10737000.0,2390000.0
S24.MI,2022-12-31,12M,EUR,7758000.0,53400000.0,0.01,7488000.0,16345000.0,8587000.0,53400000.0,0.01,534000.0,9976000.0,26321000.0,10692000.0,204069000.0,3912000.0,2535000.0,2535000.0,87000.0,87000.0,0.0,534000.0,534000.0,534000.0,0.0,534000.0,534000.0,534000.0,-4897000.0,-4897000.0,36366000.0,8696200.0,181558000.0,22511000.0,211557000.0,153000.0,36425000.0,-248000.0,0.0,7441000.0,7488000.0,16345000.0,7120000.0,7120000.0,3944000.0,46485000.0,57177000.0,-10345000.0,-2482800.0,6907000.0,0.24,189046000.0,11478000.0,2449000.0,211557000.0,-10045000.0,-10345000.0,2437000.0
S24.MI,2023-09-30,TTM,EUR,,65015595.0,0.08,,,,65015595.0,0.08,,,,,,,,,,,,,,,,,,,,,,,,,,,,,,,,,,,,,,,,,,,,,,,,
S24.MI,2023-12-31,12M,EUR,7290000.0,65015595.0,0.12,8075000.0,15052000.0,7762000.0,65015595.0,0.12,7696000.0,13241000.0,28293000.0,11537000.0,206993000.0,3000000.0,2553000.0,2553000.0,1387000.0,1387000.0,0.0,7696000.0,7696000.0,7696000.0,0.0,7696000.0,7696000.0,7696000.0,-4334000.0,-4334000.0,34059000.0,12019871.257485,186160000.0,20833000.0,215068000.0,166000.0,42133000.0,-1855000.0,0.0,10688000.0,8075000.0,15052000.0,7676000.0,7676000.0,4056000.0,47344000.0,58881000.0,-5866000.0,-1642128.742515,2992000.0,0.27994,194235000.0,14381000.0,3168000.0,215068000.0,-5766000.0,-5866000.0,565000.0
S24.MI,2023-12-31,TTM,EUR,,65015595.0,0.12,,,,65015595.0,0.12,,,,,,,,,,,,,,,,,,,,,,,,,,,,,,,,,,,,,,,,,,,,,,,,
S24.MI,2024-03-31,TTM,EUR,7330000.0,65015595.0,0.1,7909000.0,15018000.0,7688000.0,65015595.0,0.1,6862000.0,12192000.0,27210000.0,11308000.0,208085000.0,,2558000.0,2558000.0,,,0.0,6862000.0,6862000.0,6862000.0,0.0,6862000.0,6862000.0,6862000.0,-3792000.0,-3792000.0,32792000.0,10909702.511937,189031000.0,19054000.0,215994000.0,170000.0,42905000.0,-1858000.0,0.0,9634000.0,7909000.0,15018000.0,7892000.0,7892000.0,,47132000.0,58440000.0,-5682000.0,-1634297.488063,2771000.0,0.287627,196940000.0,12807000.0,2621000.0,215994000.0,-5582000.0,-5682000.0,384000.0
