symbol,asOfDate,periodType,currencyCode,Amortization,BasicAverageShares,BasicEPS,CostOfRevenue,DepreciationAndAmortizationInIncomeStatement,DepreciationIncomeStatement,DilutedAverageShares,DilutedEPS,DilutedNIAvailtoComStockholders,EBIT,EBITDA,GeneralAndAdministrativeExpense,GrossProfit,InterestExpense,InterestExpenseNonOperating,InterestIncome,InterestIncomeNonOperating,MinorityInterests,NetIncome,NetIncomeCommonStockholders,NetIncomeContinuousOperations,NetIncomeFromContinuingAndDiscontinuedOperation,NetIncomeFromContinuingOperationNetMinorityInterest,NetIncomeIncludingNoncontrollingInterests,NetInterestIncome,NetNonOperatingInterestIncomeExpense,NormalizedEBITDA,NormalizedIncome,OperatingExpense,OperatingIncome,OperatingRevenue,OtherNonOperatingIncomeExpenses,OtherOperatingExpenses,OtherSpecialCharges,OtherunderPreferredStockDividend,PretaxIncome,ReconciledCostOfRevenue,ReconciledDepreciation,RentAndLandingFees,RentExpenseSupplemental,ResearchAndDevelopment,SellingAndMarketingExpense,SellingGeneralAndAdministration,SpecialIncomeCharges,TaxEffectOfUnusualItems,TaxProvision,TaxRateForCalcs,TotalExpenses,TotalOperatingIncomeAsReported,TotalOtherFinanceCost,TotalRevenue,TotalUnusualItems,TotalUnusualItemsExcludingGoodwill,WriteOff
EM.MI,2019-12-31,12M,EUR,,,,,,,,,,,,,,,,,,,,,,,,,,,,,,,,,,,,,,,,,-159000.0,,,,,,,,,,,,,
EM.MI,2020-12-31,12M,EUR,4403000.0,163537602.0,0.118,248010000.0,22692000.0,18289000.0,163537602.0,0.118,19300000.0,25953000.0,48645000.0,7876000.0,221768000.0,3139000.0,3139000.0,221000.0,221000.0,-312000.0,19300000.0,19300000.0,19612000.0,19300000.0,19300000.0,19612000.0,-4728000.0,-4728000.0,49076000.0,19670660.0,188669000.0,33099000.0,469778000.0,565000.0,70644000.0,-100000.0,0.0,22814000.0,248010000.0,22692000.0,3106000.0,3106000.0,-251000.0,3268000.0,11144000.0,11000.0,-60340.0,3202000.0,0.14,436679000.0,32942000.0,1810000.0,469778000.0,-431000.0,-431000.0,89000.0
EM.MI,2021-12-31,12M,EUR,5361000.0,163537602.0,0.199,305921000.0,24392000.0,19031000.0,163537602.0,0.199,32508000.0,48825000.0,73217000.0,8650000.0,282378000.0,2940000.0,2940000.0,205000.0,205000.0,-603000.0,32508000.0,32508000.0,33111000.0,32508000.0,32508000.0,33111000.0,-8516000.0,-8516000.0,73158000.0,32465402.0,229183000.0,53195000.0,588299000.0,558000.0,94804000.0,-190000.0,0.0,45885000.0,305921000.0,24392000.0,3246000.0,3246000.0,-52000.0,4158000.0,12808000.0,-75000.0,16402.0,12774000.0,0.278,535104000.0,52904000.0,5781000.0,588299000.0,59000.0,59000.0,265000.0
EM.MI,2022-09-30,TTM,EUR,,,,322034000.0,25972000.0,20611000.0,,,31593000.0,50413000.0,76385000.0,,294292000.0,3969000.0,3969000.0,2782000.0,2782000.0,-925000.0,31593000.0,31593000.0,32518000.0,31593000.0,31593000.0,32518000.0,-6968000.0,-6968000.0,76326000.0,31551690.853501,243955000.0,50337000.0,616326000.0,,104278000.0,,0.0,46444000.0,322034000.0,25972000.0,,,,,,,17690.853501,13926000.0,0.299845,565989000.0,50046000.0,,616326000.0,59000.0,59000.0,
EM.MI,2022-12-31,12M,EUR,5880000.0,163451400.0,0.185,318591000.0,26367000.0,20487000.0,163451400.0,0.185,30268000.0,49275000.0,75642000.0,8903000.0,287132000.0,5178000.0,5178000.0,520000.0,520000.0,-897000.0,30268000.0,30268000.0,31165000.0,30268000.0,30268000.0,31165000.0,-6159000.0,-6159000.0,74893000.0,34785476.222872,237213000.0,49919000.0,605723000.0,650000.0,97554000.0,-124000.0,0.0,44097000.0,318591000.0,26367000.0,3723000.0,3723000.0,,5119000.0,14022000.0,-3027000.0,-647523.777128,12932000.0,0.293263,555804000.0,46755000.0,1501000.0,605723000.0,749000.0,-2208000.0,194000.0
EM.MI,2023-09-30,TTM,EUR,,162926400.0,0.099,,,,162926400.0,0.099,,,,,,,,,,,,,,,,,,,,,,,,,,,,,,,,,,,,,,,,,,,,,,
EM.MI,2023-12-31,12M,EUR,6631000.0,162837602.0,0.117,297273000.0,29080000.0,22449000.0,162837602.0,0.117,19075000.0,39485000.0,68565000.0,9887000.0,269044000.0,14050000.0,14050000.0,1459000.0,1459000.0,-847000.0,19075000.0,19075000.0,19922000.0,19075000.0,19075000.0,19922000.0,-14165000.0,-14165000.0,67126000.0,17947901.199135,231923000.0,37121000.0,566317000.0,620000.0,81831000.0,-490000.0,0.0,25435000.0,297273000.0,29080000.0,4026000.0,4026000.0,,6396000.0,16283000.0,422000.0,311901.199135,5513000.0,0.216749,529196000.0,37224000.0,1574000.0,566317000.0,1439000.0,1439000.0,68000.0
EM.MI,2023-12-31,TTM,EUR,,163034188.0,0.117,,,,163034188.0,0.117,,,,,,,,,,,,,,,,,,,,,,,,,,,,,,,,,,,,,,,,,,,,,,
EM.MI,2024-03-31,TTM,EUR,,162837602.0,0.096,295346000.0,,,162837602.0,0.096,15534000.0,36026000.0,36026000.0,,269325000.0,15192000.0,15192000.0,2170000.0,2170000.0,-854000.0,15534000.0,15534000.0,16388000.0,15534000.0,15534000.0,16388000.0,-14596000.0,-14596000.0,35535000.0,15147779.975041,235721000.0,33604000.0,564671000.0,,81892000.0,,0.0,20834000.0,295346000.0,,,,,,,-526000.0,104779.975041,4446000.0,0.213401,531067000.0,32759000.0,,564671000.0,491000.0,491000.0,1016000.0
